@inproceedings{yang2007online,
  title={Online video recommendation based on multimodal fusion and relevance feedback},
  author={Yang, Bo and Mei, Tao and Hua, Xian-Sheng and Yang, Linjun and Yang, Shi-Qiang and Li, Mingjing},
  booktitle={Proceedings of the 6th ACM International Conference on Image and Video Retrieval(CIVR 2007)},
  pages={73--80},
  organization={ACM}
}

@article{evans2009notes,
  title={Notes on the opensurf library},
  author={Evans, Christopher},
  journal={University of Bristol, Tech. Rep. CSTR-09-001, January},
  year={2009}
}

@incollection{bay2006surf,
  title={Surf: Speeded up robust features},
  author={Bay, Herbert and Tuytelaars, Tinne and Van Gool, Luc},
  booktitle={European Conference on Computer Vision(ECCV 2006)},
  pages={404--417},
  year={2006},
  publisher={Springer}
}

@incollection{joly2003robust,
  title={Robust content-based video copy identification in a large reference database},
  author={Joly, Alexis and Fr{\'e}licot, Carl and Buisson, Olivier},
  booktitle={Image and Video Retrieval},
  pages={414--424},
  year={2003},
  publisher={Springer}
}

@inproceedings{gao2010w2go,
  title={W2Go: a travel guidance system by automatic landmark ranking},
  author={Gao, Yue and Tang, Jinhui and Hong, Richang and Dai, Qionghai and Chua, Tat-Seng and Jain, Ramesh},
  booktitle={Proceedings of the International Conference on Multimedia(ACM MM 2010)},
  pages={123--132}
}

@article{zhang2010computing,
  title={Computing optimised parallel speeded-up robust features (p-surf) on multi-core processors},
  author={Zhang, Nan},
  journal={International Journal of Parallel Programming(IJPP 2010)},
  volume={38},
  number={2},
  pages={138--158},
  publisher={Springer}
}

@inproceedings{zhang2008sift,
  title={SIFT implementation and optimization for multi-core systems},
  author={Zhang, Qi and Chen, Yurong and Zhang, Yimin and Xu, Yinlong},
  booktitle={IEEE International Symposium on Parallel and Distributed Processing(IPDPS 2008)},
  pages={1--8}
}

@inproceedings{heymann2007sift,
  title={SIFT implementation and optimization for general-purpose GPU},
  author={Heymann, S and Muller, K and Smolic, A and Frohlich, B and Wiegand, T},
  booktitle={Proceedings of the International Conference in Central Europe on Computer Graphics, Visualization and Computer Vision},
  pages={144},
  year={2007}
}

@article{index2010forecast,
  title={Forecast and Methodology, 2009-2014},
  author={Index, C.V.N.},
  journal={White paper, CISCO, June},
  volume={2},
  year={2010}
}

@article{fischler1981random,
  title={Random sample consensus: a paradigm for model fitting with applications to image analysis and automated cartography},
  author={Fischler, Martin A and Bolles, Robert C},
  journal={Communications of the ACM},
  volume={24},
  number={6},
  pages={381--395},
  year={1981},
  publisher={ACM}
}

@inproceedings{jansohn2009detecting,
  title={Detecting pornographic video content by combining image features with motion information},
  author={Jansohn, Christian and Ulges, Adrian and Breuel, Thomas M},
  booktitle={Proceedings of the 17th ACM International Conference on Multimedia(ACM MM 2009)},
  pages={601--604}
}


@inproceedings{achanta2009frequency,
  title={Frequency-tuned salient region detection},
  author={Achanta, Radhakrishna and Hemami, Sheila and Estrada, Francisco and Susstrunk, Sabine},
  booktitle={IEEE Conference on Computer Vision and Pattern Recognition(CVPR 2009)},
  pages={1597--1604},
  organization={IEEE}
}

@article{liu2011learning,
  title={Learning to detect a salient object},
  author={Liu, Tie and Yuan, Zejian and Sun, Jian and Wang, Jingdong and Zheng, Nanning and Tang, Xiaoou and Shum, Heung-Yeung},
  journal={IEEE Transactions on Pattern Analysis and Machine Intelligence(TPAMI 2011)},
  volume={33},
  number={2},
  pages={353--367}
}


@inproceedings{nister2006scalable,
  title={Scalable recognition with a vocabulary tree},
  author={Nister, David and Stewenius, Henrik},
  booktitle={IEEE Computer Society Conference on Computer Vision and Pattern Recognition(CVPR 2006)},
  volume={2},
  pages={2161--2168}
}

@article{mikolajczyk2005performance,
  title={A performance evaluation of local descriptors},
  author={Mikolajczyk, Krystian and Schmid, Cordelia},
  journal={IEEE Transactions on Pattern Analysis and Machine Intelligence(TPAMI 2005)},
  volume={27},
  number={10},
  pages={1615--1630}
}

@inproceedings{bauer2007comparing,
  title={Comparing several implementations of two recently published feature detectors},
  author={Bauer, Johannes and Sunderhauf, Niko and Protzel, Peter},
  booktitle={Proc. of the International Conference on Intelligent and Autonomous Systems(IAS 2007)},
  volume={6}
}

@inproceedings{lowe1999object,
  title={Object recognition from local scale-invariant features},
  author={Lowe, David G},
  booktitle={The proceedings of the seventh IEEE International Conference on Computer Vision(ICCV 1999)},
  volume={2},
  pages={1150--1157}
}

@article{lowe2004distinctive,
  title={Distinctive image features from scale-invariant keypoints},
  author={Lowe, David G},
  journal={International Journal of Computer Vision(IJCV 2004)},
  volume={60},
  number={2},
  pages={91--110},
  publisher={Springer}
}

@article{lazebnik2005sparse,
  title={A sparse texture representation using local affine regions},
  author={Lazebnik, Svetlana and Schmid, Cordelia and Ponce, Jean},
  journal={IEEE Transactions on Pattern Analysis and Machine Intelligence(TPAMI 2005)},
  volume={27},
  number={8},
  pages={1265--1278}
}

@inproceedings{ke2004pca,
  title={PCA-SIFT: A more distinctive representation for local image descriptors},
  author={Ke, Yan and Sukthankar, Rahul},
  booktitle={Proceedings of the IEEE Computer Society Conference on Computer Vision and Pattern Recognition(CVPR 2004)},
  volume={2},
  pages={II--506},
  organization={IEEE}
}


@inproceedings{cheng2011global,
  title={Global contrast based salient region detection},
  author={Cheng, Ming-Ming and Zhang, Guo-Xin and Mitra, Niloy J and Huang, Xiaolei and Hu, Shi-Min},
  booktitle={IEEE Conference on Computer Vision and Pattern Recognition(CVPR 2011)},
  pages={409--416},
  organization={IEEE}
}

@inproceedings{huang2009image,
  title={Image trimming via saliency region detection and iterative feature matching},
  author={Huang, Jiawei and Li, Ze-Nian},
  booktitle={IEEE International Conference on Multimedia and Expo(ICME 2009)},
  pages={1322--1325},
}

@inproceedings{liang2010salient,
  title={Salient-SIFT for image retrieval},
  author={Liang, Zhen and Fu, Hong and Chi, Zheru and Feng, Dagan},
  booktitle={Advanced Concepts for Intelligent Vision Systems(ACIVS 2010)},
  pages={62--71},
  organization={Springer}
}

@article{itti1998model,
  title={A model of saliency-based visual attention for rapid scene analysis},
  author={Itti, Laurent and Koch, Christof and Niebur, Ernst},
  journal={IEEE Transactions on Pattern Analysis and Machine Intelligence(TPAMI 1998)},
  volume={20},
  number={11},
  pages={1254--1259}
}

@inproceedings{yang2008image,
  title={Image mosaic based on SIFT},
  author={Yang, Zhan-Long and Guo, Bao-Long},
  booktitle={International Conference on Intelligent Information Hiding and Multimedia Signal Processing(IIH-MSP 2008)},
  pages={1422--1425}
}


@inproceedings{salgian2007using,
  title={Using multiple patches for 3D object recognition},
  author={Salgian, Andrea Selinger},
  booktitle={IEEE Conference on Computer Vision and Pattern Recognition(CVPR 2007)},
  pages={1--6},
  organization={IEEE}
}


@inproceedings{brown2003recognising,
  title={Recognising panoramas.},
  author={Brown, Matthew and Lowe, David G},
  booktitle={(ICCV 2003)},
  volume={3},
  pages={1218},
}


@inproceedings{tang2008modified,
  title={Modified SIFT descriptor for image matching under interference},
  author={Tang, Cheng-Yuan and Wu, Yi-Leh and Hor, Maw-Kae and Wang, Wen-Hung},
  booktitle={International Conference on Machine Learning and Cybernetics(ICMLC 2008)},
  volume={6},
  pages={3294--3300},
  organization={IEEE}
}


@inproceedings{heo2008illumination,
  title={Illumination and camera invariant stereo matching},
  author={Heo, Yong Seok and Lee, Kyoung Mu and Lee, Sang Uk},
  booktitle={IEEE Conference on Computer Vision and Pattern Recognition(CVPR 2008)},
  pages={1--8},
  organization={IEEE}
}

@inproceedings{se2001vision,
  title={Vision-based mobile robot localization and mapping using scale-invariant features},
  author={Se, Stephen and Lowe, David and Little, Jim},
  booktitle={IEEE International Conference on Robotics and Automation(ICRA 2013)},
  volume={2},
  pages={2051--2058},
  organization={IEEE}
}


@inproceedings{chen2012adaptive,
  title={Adaptive Pipeline Parallelism for Image Feature Extraction Algorithms},
  author={Chen, Peng and Yang, Donglei and Zhang, Weihua and Li, Yi and Zang, Binyu and Chen, Haibo},
  booktitle={41st International Conference on Parallel Processing(ICPP 2012)},
  pages={299--308},
  organization={IEEE}
}

@incollection{calonder2010brief,
  title={Brief: Binary robust independent elementary features},
  author={Calonder, Michael and Lepetit, Vincent and Strecha, Christoph and Fua, Pascal},
  booktitle={European Conference on Computer Vision(ECCV 2010)},
  pages={778--792},
  year={2010},
  publisher={Springer}
}


@incollection{alhwarin2010vf,
  title={VF-SIFT: very fast SIFT feature matching},
  author={Alhwarin, Faraj and Risti{\'c}--Durrant, Danijela and Gr{\"a}ser, Axel},
  booktitle={Pattern Recognition},
  pages={222--231},
  year={2010},
  publisher={Springer}
}

@inproceedings{feng2008parallelization,
  title={Parallelization and characterization of SIFT on multi-core systems},
  author={Feng, Hao and Li, Eric and Chen, Yurong and Zhang, Yimin},
  booktitle={IEEE International Symposium on Workload Characterization (IISWC 2008)},
  pages={14--23},
  organization={IEEE}
}

@incollection{zhang2009computing,
  title={Computing parallel speeded-up robust features (P-SURF) via POSIX threads},
  author={Zhang, Nan},
  booktitle={Emerging Intelligent Computing Technology and Applications},
  pages={287--296},
  year={2009},
  publisher={Springer}
}


@inproceedings{warn2009accelerating,
  title={Accelerating SIFT on parallel architectures},
  author={Warn, Seth and Emeneker, Wesley and Cothren, Jackson and Apon, Amy W(CLUSTER 2009},
  pages={1--4},
}


@article{sinha2011feature,
  title={Feature tracking and matching in video using programmable graphics hardware},
  author={Sinha, Sudipta N and Frahm, Jan-Michael and Pollefeys, Marc and Genc, Yakup},
  journal={Machine Vision and Applications},
  volume={22},
  number={1},
  pages={207--217},
  year={2011},
  publisher={Springer}
}

@inproceedings{cornelis2008fast,
  title={Fast scale invariant feature detection and matching on programmable graphics hardware},
  author={Cornelis, Nico and Van Gool, Luc},
  booktitle={IEEE Computer Society Conference on Computer Vision and Pattern Recognition Workshops(CVPRW 2008)},
  pages={1--8},
  organization={IEEE}
}

@misc{hess2010opensift,
  author={Rob Hess},
  title={Opensift},
  note={http://blogs.oregonstate.edu/hess/code/sift/}
}
